@article{ref1,
    author    = " Jeff Atwood and Joel Spolsky ",
    title     = {\url{http://tex.stackexchange.com/questions}},
    year      = "2009",
}

@article{latexgrip,
    author    = "Andrew Roberts",
    title     = "Getting to Grips with LaTeX. \url{http://www.andy-roberts.net/writing/latex}",
    year      = "2014",
}

@article{resnick,
    author  = "Halliday, Resnick, Walker",
    title   = "Physics, Volume 1",
    year = "2014" ,
    Publishers  = "John Wiley   & Sons " ,
}
